_
:20:ST010312CYC/1
:25:99988877
:28C:27/1
:60F:C010212GBP312,34
:61:1202010201DP24,50NCHG
:86:Card payment - High St Petrol Station
:61:1202010201DP20,00NCHGDO10000009978
:86:Direct debit - Green Mobile Phone Bill
:61:1202030203DP30,00NCOL967891
:86:Cash withdrawal - YourDosh Anytown High Street timed 17:30 31 Jan
:61:1202080208DP22,95FCHK00068
:86:Cheque 00068
:62F:D010312GBP30,68
:64:C010312GBP0,00
-_